@book{bv-hiasots,
 author = {Boardman, J. M. and Vogt, R. M.},
 title = {Homotopy invariant algebraic structures on topological spaces},
 fseries = {Lecture Notes in Mathematics},
 series = {Lect. Notes Math.},
 issn = {0075-8434},
 volume = {347},
 year = {1973},
 publisher = {Springer, Cham},
 language = {English},
 keywords = {55P35,55P15,55Q10,18C15,55-02},
 zbMATH = {3447775},
 Zbl = {0285.55012}
}

@book{riehl-ctic,
 author = {Riehl, Emily},
 title = {Category theory in context},
 isbn = {978-0-486-80903-8},
 year = {2016},
 publisher = {Mineola, NY: Dover Publications},
 language = {English},
 keywords = {18-01,18A05,18A15,01A75},
 zbMATH = {6649061},
 Zbl = {1348.18001}
}

@misc{baezOtter,
      title={Operads and Phylogenetic Trees},
      author={John C. Baez and Nina Otter},
      year={2017},
      eprint={1512.03337},
      archivePrefix={arXiv},
      primaryClass={math.CT},
      url={https://arxiv.org/abs/1512.03337},
}
